<record><leader>00000cas a2200000 a 4500</leader><controlfield tag="001">191820426</controlfield><controlfield tag="007">hd ||||||||||</controlfield><controlfield tag="008">080205d18971903fludr nea     0    0eng  </controlfield><datafield ind1=" " ind2=" " tag="010"><subfield code="a">  2008233233</subfield></datafield><datafield ind1=" " ind2=" " tag="040"><subfield code="a">GUA</subfield><subfield code="b">eng</subfield><subfield code="c">GUA</subfield><subfield code="d">GUA</subfield><subfield code="d">OCLCQ</subfield><subfield code="d">OCLCF</subfield><subfield code="d">OCLCO</subfield><subfield code="d">OCLCQ</subfield></datafield><datafield ind1=" " ind2=" " tag="019"><subfield code="a">8334923</subfield></datafield><datafield ind1=" " ind2=" " tag="042"><subfield code="a">pcc</subfield></datafield><datafield ind1=" " ind2=" " tag="043"><subfield code="a">n-us-fl</subfield></datafield><datafield ind1=" " ind2="4" tag="050"><subfield code="a">AN12.J3</subfield><subfield code="b">F6</subfield></datafield><datafield ind1="0" ind2="4" tag="245"><subfield code="a">The Florida times-union and citizen.</subfield></datafield><datafield ind1="1" ind2=" " tag="246"><subfield code="i">Published on Sunday as:</subfield><subfield code="a">Sunday times-union and citizen</subfield></datafield><datafield ind1=" " ind2=" " tag="260"><subfield code="a">Jacksonville, Fla. :</subfield><subfield code="b">[The Florida Pub. Co.],</subfield><subfield code="c">1897-1903.</subfield></datafield><datafield ind1=" " ind2=" " tag="300"><subfield code="a">7 volumes</subfield></datafield><datafield ind1=" " ind2=" " tag="310"><subfield code="a">Daily</subfield></datafield><datafield ind1=" " ind2=" " tag="336"><subfield code="a">text</subfield><subfield code="b">txt</subfield><subfield code="2">rdacontent</subfield></datafield><datafield ind1=" " ind2=" " tag="337"><subfield code="a">microform</subfield><subfield code="b">h</subfield><subfield code="2">rdamedia</subfield></datafield><datafield ind1=" " ind2=" " tag="338"><subfield code="a">microfilm reel</subfield><subfield code="b">hd</subfield><subfield code="2">rdacarrier</subfield></datafield><datafield ind1="0" ind2=" " tag="362"><subfield code="a">Vol. 32 (Sept. 9, 1897)-v. 38 (Jan. 19, 1903).</subfield></datafield><datafield ind1=" " ind2=" " tag="500"><subfield code="a">George W. Wilson, editor.</subfield></datafield><datafield ind1=" " ind2=" " tag="500"><subfield code="a">T.T. Stockton, business manager.</subfield></datafield><datafield ind1=" " ind2=" " tag="533"><subfield code="a">Microfilm.</subfield><subfield code="b">New York :</subfield><subfield code="c">Recordak.</subfield><subfield code="e">microfilm reels ; 35 mm.</subfield></datafield><datafield ind1=" " ind2=" " tag="539"><subfield code="a">d</subfield><subfield code="b">1897</subfield><subfield code="c">1903</subfield><subfield code="d">nyu</subfield><subfield code="e">d</subfield><subfield code="f">r</subfield><subfield code="g">a</subfield></datafield><datafield ind1=" " ind2="0" tag="651"><subfield code="a">Jacksonville (Fla.)</subfield><subfield code="v">Newspapers.</subfield></datafield><datafield ind1=" " ind2="0" tag="651"><subfield code="a">Duval County (Fla.)</subfield><subfield code="v">Newspapers.</subfield></datafield><datafield ind1=" " ind2="7" tag="651"><subfield code="a">Florida</subfield><subfield code="z">Duval County.</subfield><subfield code="2">fast</subfield><subfield code="0">(OCoLC)fst01205260</subfield></datafield><datafield ind1=" " ind2="7" tag="651"><subfield code="a">Florida</subfield><subfield code="z">Jacksonville.</subfield><subfield code="2">fast</subfield><subfield code="0">(OCoLC)fst01205259</subfield></datafield><datafield ind1=" " ind2="7" tag="655"><subfield code="a">Newspapers.</subfield><subfield code="2">fast</subfield><subfield code="0">(OCoLC)fst01423814</subfield></datafield><datafield ind1=" " ind2=" " tag="752"><subfield code="a">United States</subfield><subfield code="b">Florida</subfield><subfield code="c">Duval</subfield><subfield code="d">Jacksonville.</subfield></datafield><datafield ind1="0" ind2=" " tag="775"><subfield code="t">Semi-weekly Florida times-union and citizen</subfield><subfield code="w">(DLC)  2008233229</subfield><subfield code="w">(OCoLC)191806398</subfield></datafield><datafield ind1="1" ind2=" " tag="776"><subfield code="t">Florida times-union and citizen</subfield><subfield code="w">(DLC)sn 87062267</subfield><subfield code="w">(OCoLC)16269164</subfield></datafield><datafield ind1="0" ind2="4" tag="780"><subfield code="t">Florida times-union (Jacksonville, Fla. : 1883)</subfield><subfield code="w">(DLC)  2008233238</subfield><subfield code="w">(OCoLC)8334863</subfield></datafield><datafield ind1="0" ind2="4" tag="780"><subfield code="t">Daily Florida citizen</subfield><subfield code="w">(DLC)  2008233239</subfield><subfield code="w">(OCoLC)191803759</subfield></datafield><datafield ind1="0" ind2="0" tag="785"><subfield code="t">Florida times-union (Jacksonville, Fla. : 1903)</subfield></datafield></record>